@Book{Adams1975,
  title      = {Sobolev spaces},
  publisher  = {Academic Press [A subsidiary of Harcourt Brace Jovanovich, Publishers], New York-London},
  year       = {1975},
  author     = {Adams, Robert A.},
  note       = {Pure and Applied Mathematics, Vol. 65},
  file       = {:book\\Adams R.A. Sobolev spaces (AP, 1975)(600dpi)(T)(278s).djvu:Djvu},
  groups     = {Functional Analysis, Sobolev Spaces and Interpolation Spaces, Books},
  mrclass    = {46E35},
  mrreviewer = {A. Kufner},
  owner      = {Xuehai Huang},
  pages      = {xviii+268},
  timestamp  = {2014.07.25},
}

@Book{Ciarlet1978,
  title         = {The finite element method for elliptic problems},
  publisher     = {North-Holland Publishing Co.},
  year          = {1978},
  author        = {Ciarlet, Philippe G.},
  address       = {Amsterdam},
  isbn          = {0-444-85028-7},
  comment       = {Studies in Mathematics and its Applications, Vol. 4},
  date-added    = {2009-01-21 15:45:04 -0500},
  date-modified = {2009-08-16 17:24:16 -0700},
  file          = {:book\\The Finite Element Method for Elliptic Problems(Ciarlet).djvu:Djvu;:book\\The Finite Element Method for Elliptic Problems.pdf:PDF},
  groups        = {FEM, tensor-valued function, Books},
  mrclass       = {65N30},
  mrnumber      = {MR0520174 (58 \#25001)},
  mrreviewer    = {Josef Nedoma},
  owner         = {Xuehai Huang},
  pages         = {xix+530},
  timestamp     = {2009.11.10},
}

@Book{BrennerScott2008,
  title         = {The mathematical theory of finite element methods},
  publisher     = {Springer},
  year          = {2008},
  author        = {Brenner, Susanne C. and Scott, L. Ridgway},
  volume        = {15},
  series        = {Texts in Applied Mathematics},
  address       = {New York},
  edition       = {Third},
  isbn          = {978-0-387-75933-3},
  date-added    = {2009-01-21 15:33:56 -0500},
  date-modified = {2009-08-16 17:23:59 -0700},
  file          = {:book\\femBrenner.pdf:PDF},
  groups        = {FEM, Books},
  mrclass       = {65-01 (65-02)},
  mrnumber      = {MR2373954 (2008m:65001)},
  owner         = {Xuehai Huang},
  pages         = {xviii+397},
  timestamp     = {2009.11.08},
}

@Book{Brezis2011,
  title      = {Functional analysis, {S}obolev spaces and partial differential equations},
  publisher  = {Springer, New York},
  year       = {2011},
  author     = {Brezis, Haim},
  series     = {Universitext},
  isbn       = {978-0-387-70913-0},
  file       = {:book\\Functional analysis, Sobolev spaces and partial differential equations.pdf:PDF},
  groups     = {Functional Analysis, PDE, Books},
  mrclass    = {35-01 (46-01 46E35 46N20 47F05)},
  mrreviewer = {Vicen\AA \sterling{}iu D. R\"Adulescu},
  pages      = {xiv+599},
  timestamp  = {2017-04-06},
}

@Book{Stein1970,
  title      = {Singular integrals and differentiability properties of functions},
  publisher  = {Princeton University Press},
  year       = {1970},
  author     = {Stein, Elias M.},
  series     = {Princeton Mathematical Series, No. 30},
  address    = {Princeton, N.J.},
  file       = {:D\:\\工作\\paperLibrary\\book\\Stein E.M. Singular Integrals and Differentiability Properties of Functions (Princeton, 1970)(K)(T)(303s).djvu:Djvu},
  groups     = {Functional Analysis, Books},
  mrclass    = {46.38 (26.00)},
  mrreviewer = {R. E. Edwards},
  owner      = {Administrator},
  pages      = {xiv+290},
  timestamp  = {2011.09.02},
}

@Book{McLean2000,
  title      = {Strongly elliptic systems and boundary integral equations},
  publisher  = {Cambridge University Press, Cambridge},
  year       = {2000},
  author     = {McLean, William},
  isbn       = {0-521-66332-6; 0-521-66375-X},
  file       = {:book\\William McLean-Strongly Elliptic Systems and Boundary Integral Equations  -Cambridge University Press (2000).djvu:Djvu},
  groups     = {Functional Analysis, PDE, Books},
  mrclass    = {35J45 (47F05 47G10 47N20 65N38)},
  mrreviewer = {Dorina I. Mitrea},
  owner      = {Xuehai Huang},
  pages      = {xiv+357},
  timestamp  = {2014.10.30},
}

@InCollection{Calderon1961,
  author     = {Calder\'on, A.-P.},
  title      = {Lebesgue spaces of differentiable functions and distributions},
  booktitle  = {Proc. {S}ympos. {P}ure {M}ath., {V}ol. {IV}},
  publisher  = {American Mathematical Society, Providence, R.I.},
  year       = {1961},
  pages      = {33--49},
  groups     = {Functional Analysis},
  mrclass    = {46.40 (46.38)},
  mrnumber   = {0143037},
  mrreviewer = {G. Marinescu},
}

@InCollection{DeVore1998,
  author        = {DeVore, Ronald A.},
  title         = {Nonlinear approximation},
  booktitle     = {Acta numerica, 1998},
  publisher     = {Cambridge Univ. Press},
  year          = {1998},
  volume        = {7},
  series        = {Acta Numer.},
  pages         = {51--150},
  address       = {Cambridge},
  date-added    = {2009-01-31 15:09:27 -0500},
  date-modified = {2009-08-16 16:09:05 -0700},
  file          = {:functional analysis\\DeVore1998.pdf:PDF},
  groups        = {Adaptive FEM, Functional Analysis},
  mrclass       = {41A46 (42C40 65D15)},
  mrreviewer    = {Rong Qing Jia},
}

@Book{Evans2010,
  title      = {Partial differential equations},
  publisher  = {American Mathematical Society},
  year       = {2010},
  author     = {Evans, Lawrence C.},
  volume     = {19},
  series     = {Graduate Studies in Mathematics},
  address    = {Providence, RI},
  edition    = {Second},
  isbn       = {978-0-8218-4974-3},
  file       = {:book\\Partial differential equations (AMS, 1997 Evans L.C.664s).djvu:Djvu},
  groups     = {PDE, Books},
  mrclass    = {35-01},
  mrreviewer = {Diego M. Maldonado},
  owner      = {Administrator},
  pages      = {xxii+749},
  timestamp  = {2011.10.20},
}

@Book{Dauge1988,
  title         = {Elliptic boundary value problems on corner domains},
  publisher     = {Springer-Verlag},
  year          = {1988},
  author        = {Dauge, Monique},
  volume        = {1341},
  series        = {Lecture Notes in Mathematics},
  address       = {Berlin},
  isbn          = {3-540-50169-X},
  date-added    = {2009-04-05 22:55:49 -0400},
  date-modified = {2009-04-05 22:55:49 -0400},
  file          = {:book\\(LNM1341) Monique Dauge-Elliptic boundary value problems on corner domains-Springer (1988).djvu:Djvu},
  groups        = {Functional Analysis, PDE, Books},
  mrclass       = {35J67 (35J40 47F05 58G20)},
  mrnumber      = {MR961439 (91a:35078)},
  mrreviewer    = {H. Triebel},
  owner         = {Administrator},
  pages         = {viii+259},
  timestamp     = {2011.07.25},
}

@Article{BacutaBrambleXu2003,
  author        = {Bacuta, Constantin and Bramble, James H. and Xu, Jinchao},
  title         = {Regularity estimates for elliptic boundary value problems in {B}esov spaces},
  journal       = {Math. Comp.},
  year          = {2003},
  volume        = {72},
  number        = {244},
  pages         = {1577--1595},
  issn          = {0025-5718},
  coden         = {MCMPAF},
  date-added    = {2009-02-10 17:42:24 -0500},
  date-modified = {2009-08-16 16:45:39 -0700},
  file          = {:Sobolev\\Bacuta.C\;Bramble.J\;Xu.J2003.pdf:PDF},
  fjournal      = {Mathematics of Computation},
  groups        = {PDE},
  mrclass       = {35J25 (35B65 46B70 46E35 65N15 65N30)},
  mrnumber      = {MR1986794 (2004i:35077)},
  mrreviewer    = {Giuseppe Mingione},
}

@Book{Grisvard1985,
  title         = {Elliptic problems in nonsmooth domains},
  publisher     = {Pitman (Advanced Publishing Program)},
  year          = {1985},
  author        = {Grisvard, P.},
  volume        = {24},
  series        = {Monographs and Studies in Mathematics},
  address       = {Boston, MA},
  isbn          = {0-273-08647-2},
  date-added    = {2009-01-29 17:42:01 -0500},
  date-modified = {2009-01-29 17:42:05 -0500},
  file          = {:\\book\\Grisvard P. Elliptic Problems in Nonsmooth Domains (Pitman, 1985)(K)(600dpi)(T)(422s)_MCde_.djvu:Djvu},
  groups        = {Functional Analysis, Sobolev Spaces and Interpolation Spaces, PDE, Books},
  mrclass       = {35J25 (35-02)},
  mrnumber      = {MR775683 (86m:35044)},
  mrreviewer    = {P. Szeptycki},
  owner         = {Administrator},
  pages         = {xiv+410},
  timestamp     = {2011.07.25},
}

@Book{Weidmann1980,
  title     = {Linear operators in {H}ilbert spaces},
  publisher = {Springer-Verlag, New York-Berlin},
  year      = {1980},
  author    = {Weidmann, Joachim},
  volume    = {68},
  series    = {Graduate Texts in Mathematics},
  isbn      = {0-387-90427-1},
  note      = {Translated from the German by Joseph Sz\"ucs},
  file      = {:book\\Linear operators in Hilbert spaces.pdf:PDF},
  groups    = {Functional Analysis, Books},
  mrclass   = {47-01 (46-01)},
  pages     = {xiii+402},
  timestamp = {2017-04-17},
}

@Article{XuZikatanov2003,
  author     = {Xu, Jinchao and Zikatanov, Ludmil},
  title      = {Some observations on {B}abu\v ska and {B}rezzi theories},
  journal    = {Numer. Math.},
  year       = {2003},
  volume     = {94},
  number     = {1},
  pages      = {195--202},
  issn       = {0029-599X},
  coden      = {NUMMA7},
  doi        = {10.1007/s002110100308},
  file       = {XuZikatanov2003.pdf:FEM\\XuZikatanov2003.pdf:PDF},
  fjournal   = {Numerische Mathematik},
  groups     = {FEM},
  mrclass    = {65N30 (65N15)},
  mrreviewer = {Srinivasan Kesavan},
  owner      = {Xuehai Huang},
  timestamp  = {2013.08.02},
  url        = {http://dx.doi.org/10.1007/s002110100308},
}

@Article{Fortin1977,
  author   = {Fortin, Michel},
  title    = {An analysis of the convergence of mixed finite element methods},
  journal  = {RAIRO Anal. Num\'er.},
  year     = {1977},
  volume   = {11},
  number   = {4},
  pages    = {341--354, iii},
  issn     = {0399-0516},
  file     = {:mixedFEM/Fortin1977.pdf:PDF},
  fjournal = {RAIRO Analyse Num\'erique},
  groups   = {MixedFEM},
  mrclass  = {65D05},
  mrnumber = {0464543},
  url      = {https://doi.org/10.1051/m2an/1977110403411},
}

@Article{Lau1978,
  author     = {Lau, Ka Sing},
  title      = {Best approximation by closed sets in {B}anach spaces},
  journal    = {J. Approx. Theory},
  year       = {1978},
  volume     = {23},
  number     = {1},
  pages      = {29--36},
  issn       = {0021-9045},
  file       = {:functional analysis/Lau1978.pdf:PDF},
  fjournal   = {Journal of Approximation Theory},
  groups     = {Functional Analysis},
  mrclass    = {41A65},
  mrnumber   = {0493114},
  mrreviewer = {B. O. Bjornestal},
  url        = {https://doi.org/10.1016/0021-9045(78)90076-X},
}

@Book{AdamsFournier2003,
  title     = {Sobolev spaces},
  publisher = {Elsevier/Academic Press, Amsterdam},
  year      = {2003},
  author    = {Adams, Robert A. and Fournier, John J. F.},
  volume    = {140},
  series    = {Pure and Applied Mathematics (Amsterdam)},
  edition   = {Second},
  isbn      = {0-12-044143-8},
  file      = {:book\\Sobolev Spaces. Pure and applied Mathematics -Robert A. Adams, John J. F. Fournier-Academic Press (2003).pdf:PDF},
  groups    = {Functional Analysis, Sobolev Spaces and Interpolation Spaces, Books},
  mrclass   = {46E35 (46-01 46-02 46B70 46Exx)},
  owner     = {Xuehai Huang},
  pages     = {xiv+305},
  timestamp = {2014.07.25},
}

@Article{HuangHuangHan2010,
  author    = {Huang, Jianguo and Huang, Xuehai and Han, Weimin},
  title     = {A new {$C^0$} discontinuous {G}alerkin method for {K}irchhoff plates},
  journal   = {Comput. Methods Appl. Mech. Engrg.},
  year      = {2010},
  volume    = {199},
  number    = {23-24},
  pages     = {1446--1454},
  issn      = {0045-7825},
  coden     = {CMMECC},
  doi       = {10.1016/j.cma.2009.12.012},
  file      = {HuangHuangHan2010.pdf:HuangHuangHan2010.pdf:PDF},
  fjournal  = {Computer Methods in Applied Mechanics and Engineering},
  mrclass   = {65N30 (74K20 74S05)},
  owner     = {Administrator},
  timestamp = {2011.01.21},
  url       = {http://dx.doi.org/10.1016/j.cma.2009.12.012},
}

@Article{Brenner2015,
  author    = {Brenner, Susanne C.},
  title     = {Forty years of the {C}rouzeix-{R}aviart element},
  journal   = {Numer. Methods Partial Differential Equations},
  year      = {2015},
  volume    = {31},
  number    = {2},
  pages     = {367--396},
  issn      = {0749-159X},
  doi       = {10.1002/num.21892},
  file      = {Brenner2015.pdf:FEM\\Brenner2015.pdf:PDF},
  fjournal  = {Numerical Methods for Partial Differential Equations. An International Journal},
  groups    = {FEM},
  mrclass   = {65N30 (01A60 65-03)},
  owner     = {Xuehai Huang},
  timestamp = {2015.05.10},
  url       = {http://dx.doi.org/10.1002/num.21892},
}

@Article{CrouzeixRaviart1973,
  author     = {Crouzeix, M. and Raviart, P.-A.},
  title      = {Conforming and nonconforming finite element methods for solving the stationary {S}tokes equations. {I}},
  journal    = {Rev. Fran\c caise Automat. Informat. Recherche Op\'erationnelle S\'er. Rouge},
  year       = {1973},
  volume     = {7},
  number     = {R-3},
  pages      = {33--75},
  file       = {CrouzeixRaviart1973.pdf:Stokes equation\\CrouzeixRaviart1973.pdf:PDF},
  groups     = {Stokes Equation, FEM, MixedFEM},
  mrclass    = {65N35},
  mrnumber   = {0343661 (49 \#8401)},
  mrreviewer = {F. M. Pascal},
  owner      = {Administrator},
  timestamp  = {2010.11.05},
}

@Book{Grisvard1992,
  title         = {Singularities in boundary value problems},
  publisher     = {Masson},
  year          = {1992},
  author        = {Grisvard, P.},
  volume        = {22},
  series        = {Recherches en Math\'ematiques Appliqu\'ees [Research in Applied Mathematics]},
  address       = {Paris},
  isbn          = {2-225-82770-2},
  date-added    = {2009-04-05 22:57:04 -0400},
  date-modified = {2009-04-05 22:57:04 -0400},
  file          = {:book\\Grisvard P.-Singularities in boundary value problems-Masson (1992).djvu:Djvu},
  groups        = {Functional Analysis, PDE, Books},
  mrclass       = {35-02 (35A20 35J25 35J65)},
  mrnumber      = {MR1173209 (93h:35004)},
  mrreviewer    = {V. S. Rabinovich},
  owner         = {Administrator},
  pages         = {xiv+199},
  timestamp     = {2011.07.25},
}

@Article{BlumRannacher1980,
  author     = {Blum, H. and Rannacher, R.},
  title      = {On the boundary value problem of the biharmonic operator on domains with angular corners},
  journal    = {Math. Methods Appl. Sci.},
  year       = {1980},
  volume     = {2},
  number     = {4},
  pages      = {556--581},
  issn       = {0170-4214},
  doi        = {10.1002/mma.1670020416},
  file       = {:PDE\\BlumRannacher1980.pdf:PDF},
  fjournal   = {Mathematical Methods in the Applied Sciences},
  groups     = {Functional Analysis, PDE, plate, Kirchhoff plate, Higher-Order PDE},
  mrclass    = {35D10 (31A30 35J40)},
  mrreviewer = {G. Wildenhain},
  owner      = {Administrator},
  timestamp  = {2012.12.09},
  url        = {http://dx.doi.org/10.1002/mma.1670020416},
}

@Book{FengShi1996,
  title     = {Mathematical theory of elastic structures},
  publisher = {Springer-Verlag},
  year      = {1996},
  author    = {Feng, Kang and Shi, Zhong-Ci},
  address   = {Berlin},
  isbn      = {3-540-51326-4},
  note      = {Translated from the 1981 Chinese original, Revised by the authors},
  file      = {:book\\Mathematical theory of elastic structures[Feng_Kang,__Shi_Zhong-Ci].pdf:PDF;:book\\弹性结构的数学理论.pdf:PDF},
  groups    = {Application, PDE, Elasticity, Books},
  mrclass   = {73-02 (73K20 73V05)},
  mrnumber  = {1392473 (97b:73001)},
  owner     = {Administrator},
  pages     = {xii+395},
  timestamp = {2010.10.03},
}

@Book{Reddy2006,
  title         = {Theory and Analysis of Elastic Plates and Shells},
  publisher     = {CRC Press},
  year          = {2006},
  author        = {Reddy, J. N.},
  address       = {New York},
  edition       = {Second},
  date-added    = {2009-07-08 13:27:20 -0400},
  date-modified = {2009-07-08 13:27:20 -0400},
  file          = {:book\\Theory+and+Analysis+of+Elastic+Plates+and+Shells,+Second+Edi....pdf:PDF},
  groups        = {Elasticity, plate, Books},
  owner         = {Xuehai Huang},
  timestamp     = {2014.08.30},
}

@Article{Morley1968,
  author    = {Morley, L. S. D.},
  title     = {{The triangular equilibrium element in the solution of plate bending problems}},
  journal   = {Aero. Quart.},
  year      = {1968},
  volume    = {19},
  pages     = {149--169},
  file      = {Morley1968.pdf:Kirchhoff plate\\Morley1968.pdf:PDF},
  fjournal  = {Aeronautical Quarterly},
  groups    = {plate, Kirchhoff plate},
  owner     = {Administrator},
  timestamp = {2010.12.06},
}

@Article{WangXu2006,
  author        = {Wang, Ming and Xu, Jinchao},
  title         = {The {M}orley element for fourth order elliptic equations in any dimensions},
  journal       = {Numer. Math.},
  year          = {2006},
  volume        = {103},
  number        = {1},
  pages         = {155--169},
  issn          = {0029-599X},
  coden         = {NUMMA7},
  date-added    = {2009-02-17 15:12:52 -0500},
  date-modified = {2009-08-16 16:59:30 -0700},
  file          = {:Kirchhoff plate\\Wang.M\;Xu.J2006.pdf:PDF},
  fjournal      = {Numerische Mathematik},
  groups        = {plate, Kirchhoff plate, FEM},
  mrclass       = {65N30},
  mrnumber      = {MR2207619 (2006i:65205)},
}

@Article{PechsteinSchoberl2011,
  author    = {Pechstein, Astrid and Sch{\"o}berl, Joachim},
  title     = {Tangential-displacement and normal-normal-stress continuous mixed finite elements for elasticity},
  journal   = {Math. Models Methods Appl. Sci.},
  year      = {2011},
  volume    = {21},
  number    = {8},
  pages     = {1761--1782},
  issn      = {0218-2025},
  doi       = {10.1142/S0218202511005568},
  file      = {PechsteinSchoberl2011.pdf:elasticity\\PechsteinSchoberl2011.pdf:PDF},
  fjournal  = {Mathematical Models and Methods in Applied Sciences},
  groups    = {Elasticity, MixedFEM},
  mrclass   = {65N30 (35Q74 74B05 74S05)},
  owner     = {Administrator},
  timestamp = {2012.05.10},
  url       = {http://dx.doi.org/10.1142/S0218202511005568},
}

@Book{Hellan1967,
  title     = {Analysis of elastic plates in flexure by a simplified finite element method},
  publisher = {Norges tekniske vitenskapsakademi},
  year      = {1967},
  author    = {Hellan, K.},
  volume    = {46},
  series    = {Acta polytechnica Scandinavica. Civil engineering and building construction series},
  address   = {Trondheim},
  groups    = {Kirchhoff plate, MixedFEM},
  owner     = {Xuehai Huang},
  timestamp = {2009.09.13},
}

@Article{Herrmann1967,
  author    = {Leonard R. Herrmann},
  title     = {Finite element bending analysis for plates},
  journal   = {Journal of the Engineering Mechanics Division},
  year      = {1967},
  volume    = {93},
  number    = {EM5},
  pages     = {49-83},
  booktitle = {Proceedings of the ASCE},
  groups    = {Kirchhoff plate, MixedFEM},
  owner     = {Xuehai Huang},
  timestamp = {2014.11.13},
}

@Article{Johnson1973,
  author     = {Johnson, Claes},
  title      = {On the convergence of a mixed finite-element method for plate bending problems},
  journal    = {Numer. Math.},
  year       = {1973},
  volume     = {21},
  pages      = {43--62},
  issn       = {0029-599X},
  file       = {Johnson1973.pdf:Kirchhoff plate\\Johnson1973.pdf:PDF},
  fjournal   = {Numerische Mathematik},
  groups     = {plate, Kirchhoff plate, MixedFEM},
  mrclass    = {65N30 (65N35)},
  mrreviewer = {M. Zlamal},
  owner      = {Administrator},
  timestamp  = {2012.05.10},
}

@Article{KrendlRafetsederZulehner2016,
  author     = {Krendl, Wolfgang and Rafetseder, Katharina and Zulehner, Walter},
  title      = {A decomposition result for biharmonic problems and the {H}ellan-{H}errmann-{J}ohnson method},
  journal    = {Electron. Trans. Numer. Anal.},
  year       = {2016},
  volume     = {45},
  pages      = {257--282},
  issn       = {1068-9613},
  file       = {KrendlRafetsederZulehner2016.pdf:Kirchhoff plate\\KrendlRafetsederZulehner2016.pdf:PDF},
  fjournal   = {Electronic Transactions on Numerical Analysis},
  groups     = {Kirchhoff plate, MixedFEM},
  mrclass    = {65N30 (35J40)},
  mrreviewer = {Steve Wright},
  timestamp  = {2017-01-20},
}

@Book{BoffiBrezziFortin2013,
  title      = {Mixed finite element methods and applications},
  publisher  = {Springer, Heidelberg},
  year       = {2013},
  author     = {Boffi, Daniele and Brezzi, Franco and Fortin, Michel},
  isbn       = {978-3-642-36518-8; 978-3-642-36519-5},
  doi        = {10.1007/978-3-642-36519-5},
  file       = {:book\\Mixed finite element methods and applications.pdf:PDF},
  groups     = {Piola transformation, curl, tensor-valued function, MixedFEM, Books},
  mrclass    = {65-02 (65M60 65N30)},
  mrreviewer = {Beny Neta},
  owner      = {Xuehai Huang},
  pages      = {xiv+685},
  timestamp  = {2014.04.15},
  url        = {http://dx.doi.org/10.1007/978-3-642-36519-5},
}

@InCollection{BrezziRaviart1977,
  author     = {Brezzi, F. and Raviart, P.-A.},
  title      = {Mixed finite element methods for 4th order elliptic equations},
  booktitle  = {Topics in numerical analysis, {III} ({P}roc. {R}oy. {I}rish {A}cad. {C}onf., {T}rinity {C}oll., {D}ublin, 1976)},
  publisher  = {Academic Press, London},
  year       = {1977},
  pages      = {33--56},
  groups     = {Kirchhoff plate, MixedFEM},
  mrclass    = {65N30},
  mrreviewer = {John Whiteman},
  owner      = {Xuehai Huang},
  timestamp  = {2014.11.12},
}

@PhdThesis{Sinwel2009,
  author    = {Astrid Sinwel},
  title     = {A New Family of Mixed Finite Elements for Elasticity},
  school    = {Johannes Kepler University Linz},
  year      = {2009},
  file      = {:PhDThesis\\sinwel_thesis.pdf:PDF},
  groups    = {Adaptive FEM, Elasticity, MixedFEM, PhDThesis},
  owner     = {Administrator},
  timestamp = {2012.10.12},
}

@Article{BabuvskaOsbornPitkaranta1980,
  author     = {Babu{\v{s}}ka, I. and Osborn, J. and Pitk{\"a}ranta, J.},
  title      = {Analysis of mixed methods using mesh dependent norms},
  journal    = {Math. Comp.},
  year       = {1980},
  volume     = {35},
  number     = {152},
  pages      = {1039--1062},
  issn       = {0025-5718},
  coden      = {MCMPAF},
  doi        = {10.2307/2006374},
  file       = {BabuvskaOsbornPitkaranta1980.pdf:mixedFEM\\BabuvskaOsbornPitkaranta1980.pdf:PDF},
  fjournal   = {Mathematics of Computation},
  groups     = {plate, Kirchhoff plate, MixedFEM},
  mrclass    = {65N30 (65N15 73K10)},
  mrreviewer = {Rolf Rannacher},
  owner      = {Administrator},
  timestamp  = {2011.09.16},
  url        = {http://dx.doi.org/10.2307/2006374},
}

@Article{FalkOsborn1980,
  author     = {Falk, R. S. and Osborn, J. E.},
  title      = {Error estimates for mixed methods},
  journal    = {RAIRO Anal. Num\'er.},
  year       = {1980},
  volume     = {14},
  number     = {3},
  pages      = {249--277},
  issn       = {0399-0516},
  file       = {FalkOsborn1980.pdf:Kirchhoff plate\\FalkOsborn1980.pdf:PDF},
  fjournal   = {RAIRO Analyse Num\'erique},
  groups     = {plate, Kirchhoff plate, MixedFEM},
  mrclass    = {65N15 (65J10)},
  mrreviewer = {A. V. Dzhishkariani},
  owner      = {Administrator},
  timestamp  = {2012.05.13},
}

@Article{Comodi1989,
  author     = {Comodi, M. I.},
  title      = {The {H}ellan-{H}errmann-{J}ohnson method: some new error estimates and postprocessing},
  journal    = {Math. Comp.},
  year       = {1989},
  volume     = {52},
  number     = {185},
  pages      = {17--29},
  issn       = {0025-5718},
  coden      = {MCMPAF},
  doi        = {10.2307/2008650},
  file       = {Comodi1989.pdf:Kirchhoff plate\\Comodi1989.pdf:PDF},
  fjournal   = {Mathematics of Computation},
  groups     = {plate, Kirchhoff plate, MixedFEM},
  mrclass    = {65N30 (73C35)},
  mrreviewer = {N. Gass},
  owner      = {Administrator},
  timestamp  = {2012.05.10},
  url        = {http://dx.doi.org/10.2307/2008650},
}

@Article{Stenberg1991,
  author     = {Stenberg, Rolf},
  title      = {Postprocessing schemes for some mixed finite elements},
  journal    = {RAIRO Mod\'el. Math. Anal. Num\'er.},
  year       = {1991},
  volume     = {25},
  number     = {1},
  pages      = {151--167},
  issn       = {0764-583X},
  file       = {Stenberg1991.pdf:Kirchhoff plate\\Stenberg1991.pdf:PDF},
  fjournal   = {RAIRO Mod\'elisation Math\'ematique et Analyse Num\'erique},
  groups     = {plate, Kirchhoff plate, FEM, MixedFEM},
  mrclass    = {65N30 (73V05)},
  mrreviewer = {Jike Wu},
  owner      = {Administrator},
  timestamp  = {2012.05.10},
}

@Article{HuangHuangXu2011,
  author    = {Huang, Jianguo and Huang, Xuehai and Xu, Yifeng},
  title     = {Convergence of an adaptive mixed finite element method for {K}irchhoff plate bending problems},
  journal   = {SIAM J. Numer. Anal.},
  year      = {2011},
  volume    = {49},
  number    = {2},
  pages     = {574--607},
  issn      = {0036-1429},
  coden     = {SJNAAM},
  doi       = {10.1137/090773374},
  file      = {HuangHuangXu2011.pdf:HuangHuangXu2011.pdf:PDF},
  fjournal  = {SIAM Journal on Numerical Analysis},
  mrclass   = {65N30 (65N12 65N15 74S05)},
  owner     = {Administrator},
  timestamp = {2012.02.22},
  url       = {http://dx.doi.org/10.1137/090773374},
}

@Article{BuffaCiarlet2001,
  author     = {Buffa, A. and Ciarlet, Jr., P.},
  title      = {On traces for functional spaces related to {M}axwell's equations. {I}. {A}n integration by parts formula in {L}ipschitz polyhedra},
  journal    = {Math. Methods Appl. Sci.},
  year       = {2001},
  volume     = {24},
  number     = {1},
  pages      = {9--30},
  coden      = {MMSCDB},
  doi        = {10.1002/1099-1476(20010110)24:1<9::AID-MMA191>3.0.CO;2-2},
  file       = {BuffaCiarlet2001.pdf:Maxwell Equation\\BuffaCiarlet2001.pdf:PDF},
  fjournal   = {Mathematical Methods in the Applied Sciences},
  groups     = {H(curl), Maxwell equation, Trace},
  issn       = {0170-4214},
  mrclass    = {78M25 (35Q60 46N20)},
  mrreviewer = {Jin Yun Yuan},
  owner      = {Xuehai Huang},
  timestamp  = {2014.11.25},
  url        = {http://dx.doi.org/10.1002/1099-1476(20010110)24:1<9::AID-MMA191>3.0.CO;2-2},
}

@Article{BuffaCiarlet2001a,
  author    = {Buffa, A. and Ciarlet, Jr., P.},
  title     = {On traces for functional spaces related to {M}axwell's equations. {II}. {H}odge decompositions on the boundary of {L}ipschitz polyhedra and applications},
  journal   = {Math. Methods Appl. Sci.},
  year      = {2001},
  volume    = {24},
  number    = {1},
  pages     = {31--48},
  coden     = {MMSCDB},
  doi       = {10.1002/1099-1476(20010110)24:1<9::AID-MMA191>3.0.CO;2-2},
  file      = {BuffaCiarlet2001a.pdf:Maxwell Equation\\BuffaCiarlet2001a.pdf:PDF},
  fjournal  = {Mathematical Methods in the Applied Sciences},
  groups    = {H(curl), Maxwell equation, Trace},
  issn      = {0170-4214},
  mrclass   = {78M25 (35Q60 46N20)},
  owner     = {Xuehai Huang},
  timestamp = {2014.11.25},
  url       = {http://dx.doi.org/10.1002/1099-1476(20010110)24:1<9::AID-MMA191>3.0.CO;2-2},
}

@Article{BuffaCostabelSheen2002,
  author        = {Buffa, A. and Costabel, M. and Sheen, D.},
  title         = {On traces for {${\bf H}({\bf curl},\Omega)$} in {L}ipschitz domains},
  journal       = {J. Math. Anal. Appl.},
  year          = {2002},
  volume        = {276},
  number        = {2},
  pages         = {845--867},
  coden         = {JMANAK},
  date-added    = {2009-02-08 10:10:39 -0500},
  date-modified = {2009-08-16 16:22:56 -0700},
  file          = {:Sobolev\\Buffa.A\;Costabel.M\;Sheen.D2002.pdf:PDF},
  fjournal      = {Journal of Mathematical Analysis and Applications},
  groups        = {Functional Analysis, H(curl)},
  issn          = {0022-247X},
  mrclass       = {35F05 (35Q30 35Q60)},
  mrnumber      = {MR1944792 (2004i:35045)},
}

@InCollection{RaviartThomas1977,
  author     = {Raviart, P.-A. and Thomas, J. M.},
  title      = {A mixed finite element method for 2nd order elliptic problems},
  booktitle  = {Mathematical aspects of finite element methods ({P}roc. {C}onf., {C}onsiglio {N}az. delle {R}icerche ({C}.{N}.{R}.), {R}ome, 1975)},
  publisher  = {Springer},
  year       = {1977},
  pages      = {292--315. Lecture Notes in Math., Vol. 606},
  address    = {Berlin},
  file       = {RaviartThomas1977.pdf:mixedFEM\\RaviartThomas1977.pdf:PDF},
  groups     = {FEM, Piola transformation, MixedFEM},
  mrclass    = {65N30},
  mrreviewer = {Jan Bochenek},
  owner      = {Administrator},
  timestamp  = {2012.02.07},
}

@Article{Nedelec1980,
  author     = {N{\'e}d{\'e}lec, J.-C.},
  title      = {Mixed finite elements in {${\bf R}^{3}$}},
  journal    = {Numer. Math.},
  year       = {1980},
  volume     = {35},
  number     = {3},
  pages      = {315--341},
  coden      = {NUMMA7},
  doi        = {10.1007/BF01396415},
  file       = {Nedelec1980.pdf:mixedFEM\\Nedelec1980.pdf:PDF},
  fjournal   = {Numerische Mathematik},
  groups     = {H(curl), FEM, curl, tensor-valued function, MixedFEM},
  issn       = {0029-599X},
  mrclass    = {65N30},
  mrnumber   = {592160 (81k:65125)},
  mrreviewer = {P. G. Ciarlet},
  owner      = {Administrator},
  timestamp  = {2010.09.08},
  url        = {http://dx.doi.org/10.1007/BF01396415},
}

@InCollection{BrezziDouglasMarini1986,
  author    = {Brezzi, F. and Douglas, Jr., J. and Marini, L. D.},
  title     = {Recent results on mixed finite element methods for second order elliptic problems},
  booktitle = {Vistas in applied mathematics},
  publisher = {Optimization Software, New York},
  year      = {1986},
  series    = {Transl. Ser. Math. Engrg.},
  pages     = {25--43},
  groups    = {MixedFEM},
  mrclass   = {65M60 (65N30)},
}

@Article{BrezziDouglasDuranFortin1987,
  author     = {Brezzi, Franco and Douglas, Jr., Jim and Dur{\'a}n, Ricardo and Fortin, Michel},
  title      = {Mixed finite elements for second order elliptic problems in three variables},
  journal    = {Numer. Math.},
  year       = {1987},
  volume     = {51},
  number     = {2},
  pages      = {237--250},
  coden      = {NUMMA7},
  doi        = {10.1007/BF01396752},
  file       = {BrezziDouglasDuranFortin1987.pdf:mixedFEM\\BrezziDouglasDuranFortin1987.pdf:PDF},
  fjournal   = {Numerische Mathematik},
  groups     = {MixedFEM},
  issn       = {0029-599X},
  mrclass    = {65N30},
  mrreviewer = {Jaroslaw Jelen},
  owner      = {Administrator},
  timestamp  = {2012.05.15},
  url        = {http://dx.doi.org/10.1007/BF01396752},
}

@Article{Nedelec1986,
  author     = {N{\'e}d{\'e}lec, J.-C.},
  title      = {A new family of mixed finite elements in {${\bf R}^3$}},
  journal    = {Numer. Math.},
  year       = {1986},
  volume     = {50},
  number     = {1},
  pages      = {57--81},
  coden      = {NUMMA7},
  doi        = {10.1007/BF01389668},
  file       = {Nedelec1986.pdf:mixedFEM\\Nedelec1986.pdf:PDF},
  fjournal   = {Numerische Mathematik},
  groups     = {FEM, MixedFEM},
  issn       = {0029-599X},
  mrclass    = {65N30},
  mrnumber   = {864305 (88e:65145)},
  mrreviewer = {Reinhard Scholz},
  owner      = {Administrator},
  timestamp  = {2010.09.08},
  url        = {http://dx.doi.org/10.1007/BF01389668},
}

@Article{Zulehner2011,
  author     = {Zulehner, Walter},
  title      = {Nonstandard norms and robust estimates for saddle point problems},
  journal    = {SIAM J. Matrix Anal. Appl.},
  year       = {2011},
  volume     = {32},
  number     = {2},
  pages      = {536--560},
  issn       = {0895-4798},
  file       = {:mixedFEM/Zulehner2011.pdf:PDF},
  fjournal   = {SIAM Journal on Matrix Analysis and Applications},
  groups     = {MixedFEM},
  mrclass    = {65F08 (49K40 65F10 65N22)},
  mrnumber   = {2817503},
  mrreviewer = {Tofigh Allahviranloo},
  url        = {https://doi.org/10.1137/100814767},
}

@Article{Brezzi1974,
  author     = {Brezzi, F.},
  title      = {On the existence, uniqueness and approximation of saddle-point problems arising from {L}agrangian multipliers},
  journal    = {Rev. Fran\c caise Automat. Informat. Recherche Op\'erationnelle S\'er. Rouge},
  year       = {1974},
  volume     = {8},
  number     = {R-2},
  pages      = {129--151},
  abstract   = {As its title suggests, this paper gives necessary and sufficient conditions
	for the existence and uniqueness of the solution of a class of saddle
	point problems arising from the use of Lagrangian multipliers. The
	problems relate to real Hilbert spaces, and the results given are
	very theoretical. However, the author expresses the hope that they
	will often help to formulate a "winning strategy'' for a given practical
	problem, although the paper is quite abstract. 
	
	
	 In the introduction the author mentions that the paper was inspired
	by the use of the method of Lagrangian multipliers in elasticity
	problems, and he gives many references to work on finite element
	methods.},
  file       = {Brezzi1974.pdf:mixedFEM\\Brezzi1974.pdf:PDF},
  groups     = {MixedFEM},
  mrclass    = {49B30 (65K05)},
  mrreviewer = {I. M. Longman},
  owner      = {Administrator},
  timestamp  = {2012.06.06},
}

@Article{GopalakrishnanDemkowicz2004,
  author     = {Gopalakrishnan, Jayadeep and Demkowicz, Leszek F.},
  journal    = {J. Comput. Appl. Math.},
  title      = {Quasioptimality of some spectral mixed methods},
  year       = {2004},
  issn       = {0377-0427},
  number     = {1},
  pages      = {163--182},
  volume     = {167},
  doi        = {10.1016/j.cam.2003.10.001},
  file       = {:/Volumes/GoogleDrive/我的云端硬盘/paperLibrary/FEEC/GopalakrishnanDemkowicz2004.pdf:PDF},
  fjournal   = {Journal of Computational and Applied Mathematics},
  groups     = {FEEC, H(curl), H(div), FEM, MixedFEM},
  mrclass    = {65N35 (35Q60)},
  mrnumber   = {2059719},
  mrreviewer = {Michel O. Deville},
  url        = {https://doi.org/10.1016/j.cam.2003.10.001},
}

@Article{Hiptmair1999,
  author     = {Hiptmair, R.},
  title      = {Canonical construction of finite elements},
  journal    = {Math. Comp.},
  year       = {1999},
  volume     = {68},
  number     = {228},
  pages      = {1325--1346},
  coden      = {MCMPAF},
  doi        = {10.1090/S0025-5718-99-01166-7},
  file       = {Hiptmair1999.pdf:FEEC\\Hiptmair1999.pdf:PDF},
  fjournal   = {Mathematics of Computation},
  groups     = {FEEC},
  issn       = {0025-5718},
  mrclass    = {65N30 (41A30)},
  mrreviewer = {Stefan A. Funken},
  url        = {http://dx.doi.org/10.1090/S0025-5718-99-01166-7},
}

@Article{Brenner2004a,
  author     = {Brenner, Susanne C.},
  title      = {Korn's inequalities for piecewise {$H^1$} vector fields},
  journal    = {Math. Comp.},
  year       = {2004},
  volume     = {73},
  number     = {247},
  pages      = {1067--1087},
  coden      = {MCMPAF},
  doi        = {10.1090/S0025-5718-03-01579-5},
  file       = {Brenner2004a.pdf:FEM\\Brenner2004a.pdf:PDF},
  fjournal   = {Mathematics of Computation},
  groups     = {FEM, Korn inequality},
  issn       = {0025-5718},
  mrclass    = {65N30 (26D15 35J55 74S05)},
  mrreviewer = {Thomas Apel},
  owner      = {Administrator},
  timestamp  = {2010.11.29},
  url        = {http://dx.doi.org/10.1090/S0025-5718-03-01579-5},
}

@Article{ArnoldBrezziMarini2005,
  author     = {Arnold, Douglas N. and Brezzi, Franco and Marini, L. Donatella},
  title      = {A family of discontinuous {G}alerkin finite elements for the {R}eissner-{M}indlin plate},
  journal    = {J. Sci. Comput.},
  year       = {2005},
  volume     = {22/23},
  pages      = {25--45},
  coden      = {JSCOEB},
  doi        = {10.1007/s10915-004-4134-8},
  file       = {ArnoldBrezziMarini2005.pdf:Reissner-Mindlin plates\\ArnoldBrezziMarini2005.pdf:PDF},
  fjournal   = {Journal of Scientific Computing},
  groups     = {Reissner-Mindlin plate, DG},
  issn       = {0885-7474},
  mrclass    = {65N30 (74K20 74S05)},
  mrreviewer = {Alessandro Veneziani},
  owner      = {Xuehai Huang},
  timestamp  = {2014.09.05},
  url        = {http://dx.doi.org/10.1007/s10915-004-4134-8},
}

@Article{ChenHuHuang2018,
  author   = {Chen, Long and Hu, Jun and Huang, Xuehai},
  journal  = {Math. Comp.},
  title    = {Fast auxiliary space preconditioners for linear elasticity in mixed form},
  year     = {2018},
  issn     = {0025-5718},
  number   = {312},
  pages    = {1601--1633},
  volume   = {87},
  doi      = {10.1090/mcom/3285},
  file     = {:/Volumes/GoogleDrive/我的云端硬盘/paperLibrary/myPapers/ChenHuHuang2018.pdf:PDF},
  fjournal = {Mathematics of Computation},
  groups   = {11771338, 11301396, 11671304, LY17A010010, LY15A010015, LY15A010016, G20160019},
  mrclass  = {65N22 (65F10 65N30 65N55 74)},
  mrnumber = {3787386},
  url      = {https://doi.org/10.1090/mcom/3285},
}

@Article{CockburnSchotzauWang2006,
  author     = {Cockburn, Bernardo and Sch{\"o}tzau, Dominik and Wang, Jing},
  title      = {Discontinuous {G}alerkin methods for incompressible elastic materials},
  journal    = {Comput. Methods Appl. Mech. Engrg.},
  year       = {2006},
  volume     = {195},
  number     = {25-28},
  pages      = {3184--3204},
  coden      = {CMMECC},
  doi        = {10.1016/j.cma.2005.07.003},
  file       = {CockburnSchotzauWang2006.pdf:elasticity\\CockburnSchotzauWang2006.pdf:PDF},
  fjournal   = {Computer Methods in Applied Mechanics and Engineering},
  groups     = {Elasticity, DG},
  issn       = {0045-7825},
  mrclass    = {74G15 (65N30 74B05)},
  mrreviewer = {Xiaoguang Allan Zhong},
  owner      = {Administrator},
  timestamp  = {2011.10.28},
  url        = {http://dx.doi.org/10.1016/j.cma.2005.07.003},
}

@Article{Vogelius1983,
  author     = {Vogelius, Michael},
  title      = {An analysis of the {$p$}-version of the finite element method for nearly incompressible materials. {U}niformly valid, optimal error estimates},
  journal    = {Numer. Math.},
  year       = {1983},
  volume     = {41},
  number     = {1},
  pages      = {39--53},
  coden      = {NUMMA7},
  doi        = {10.1007/BF01396304},
  file       = {Vogelius1983.pdf:elasticity\\Vogelius1983.pdf:PDF},
  fjournal   = {Numerische Mathematik},
  groups     = {Elasticity, FEM, hpFEM},
  issn       = {0029-599X},
  mrclass    = {65N30 (73K25)},
  mrreviewer = {N. Gass},
  owner      = {Administrator},
  timestamp  = {2011.10.30},
  url        = {http://dx.doi.org/10.1007/BF01396304},
}

@Article{BrennerSung1992,
  author     = {Brenner, Susanne C. and Sung, Li-Yeng},
  journal    = {Math. Comp.},
  title      = {Linear finite element methods for planar linear elasticity},
  year       = {1992},
  issn       = {0025-5718},
  number     = {200},
  pages      = {321--338},
  volume     = {59},
  coden      = {MCMPAF},
  doi        = {10.2307/2153060},
  file       = {BrennerSung1992.pdf:/Volumes/GoogleDrive/我的云端硬盘/paperLibrary/elasticity/BrennerSung1992.pdf:PDF},
  fjournal   = {Mathematics of Computation},
  groups     = {Elasticity, FEM},
  mrclass    = {73V05 (65N12 65N30)},
  mrreviewer = {N. Gass},
  owner      = {Administrator},
  timestamp  = {2011.10.28},
  url        = {http://dx.doi.org/10.2307/2153060},
}

@Article{BabuvskaSuri1992,
  author     = {Babu{\v{s}}ka, Ivo and Suri, Manil},
  title      = {On locking and robustness in the finite element method},
  journal    = {SIAM J. Numer. Anal.},
  year       = {1992},
  volume     = {29},
  number     = {5},
  pages      = {1261--1293},
  coden      = {SJNAAM},
  doi        = {10.1137/0729075},
  file       = {BabuvskaSuri1992.pdf:elasticity\\BabuvskaSuri1992.pdf:PDF},
  fjournal   = {SIAM Journal on Numerical Analysis},
  groups     = {Elasticity, FEM},
  issn       = {0036-1429},
  mrclass    = {65N30 (35A40 65N15 73V05)},
  mrreviewer = {O. Widlund},
  owner      = {Administrator},
  timestamp  = {2011.10.28},
  url        = {http://dx.doi.org/10.1137/0729075},
}

@Article{BabuvskaSuri1992a,
  author     = {Babu{\v{s}}ka, Ivo and Suri, Manil},
  journal    = {Numer. Math.},
  title      = {Locking effects in the finite element approximation of elasticity problems},
  year       = {1992},
  issn       = {0029-599X},
  number     = {4},
  pages      = {439--463},
  volume     = {62},
  coden      = {NUMMA7},
  doi        = {10.1007/BF01396238},
  file       = {BabuvskaSuri1992a.pdf:/Volumes/GoogleDrive/我的云端硬盘/paperLibrary/elasticity/BabuvskaSuri1992a.pdf:PDF},
  fjournal   = {Numerische Mathematik},
  groups     = {Elasticity, FEM},
  mrclass    = {65N30 (73V05)},
  mrreviewer = {Luis Trabucho},
  owner      = {Administrator},
  timestamp  = {2011.10.28},
  url        = {http://dx.doi.org/10.1007/BF01396238},
}

@Article{Falk1991,
  author     = {Falk, Richard S.},
  journal    = {Math. Comp.},
  title      = {Nonconforming finite element methods for the equations of linear elasticity},
  year       = {1991},
  issn       = {0025-5718},
  number     = {196},
  pages      = {529--550},
  volume     = {57},
  coden      = {MCMPAF},
  doi        = {10.2307/2938702},
  file       = {Falk1991.pdf:/Volumes/GoogleDrive/我的云端硬盘/paperLibrary/elasticity/Falk1991.pdf:PDF;Falk1991.pdf:FEM/Falk1991.pdf:PDF},
  fjournal   = {Mathematics of Computation},
  groups     = {Elasticity, FEM, MixedFEM},
  mrclass    = {65N30 (73C02 73V05)},
  mrreviewer = {R. Kodn{\'a}r},
  owner      = {Xuehai Huang},
  timestamp  = {2014.11.22},
  url        = {http://dx.doi.org/10.2307/2938702},
}

@Article{FalkMorley1990,
  author    = {Falk, Richard S. and Morley, Mary E.},
  title     = {Equivalence of finite element methods for problems in elasticity},
  journal   = {SIAM J. Numer. Anal.},
  year      = {1990},
  volume    = {27},
  number    = {6},
  pages     = {1486--1505},
  issn      = {0036-1429},
  coden     = {SJNAAM},
  doi       = {10.1137/0727086},
  file      = {:Kirchhoff plate\\Falk.R\;Morley.M1990.pdf:PDF},
  fjournal  = {SIAM Journal on Numerical Analysis},
  groups    = {plate, Kirchhoff plate, Elasticity},
  mrclass   = {65N30 (73V05)},
  owner     = {Xuehai Huang},
  timestamp = {2009.11.14},
  url       = {http://dx.doi.org/10.1137/0727086},
}

@Article{ArgyrisFriedScharpf1968,
  author    = {Argyris, J.H. and Fried, I. and Scharpf, D.W.},
  journal   = {Aero. J. Roy. Aero. Soc.},
  title     = {{The TUBA family of plate elements for the matrix displacement method}},
  year      = {1968},
  pages     = {701--709},
  volume    = {72},
  file      = {:FEM/ArgyrisFriedScharpf1968.pdf:PDF},
  fjournal  = {The Aeronautical Journal of the Royal Aeronautical Society},
  groups    = {plate, Kirchhoff plate, FEM},
  owner     = {Xuehai Huang},
  timestamp = {2009.12.07},
}

@Article{BrennerSung2005,
  author        = {Brenner, Susanne C. and Sung, Li-Yeng},
  journal       = {J. Sci. Comput.},
  title         = {{$C\sp 0$} interior penalty methods for fourth order elliptic boundary value problems on polygonal domains},
  year          = {2005},
  issn          = {0885-7474},
  pages         = {83--118},
  volume        = {22/23},
  coden         = {JSCOEB},
  date-added    = {2009-01-18 18:41:39 -0500},
  date-modified = {2009-08-16 16:54:41 -0700},
  file          = {:/Volumes/GoogleDrive/我的云端硬盘/paperLibrary/DG/Brenner.S\;Sung.L2005.pdf:PDF},
  fjournal      = {Journal of Scientific Computing},
  groups        = {plate, Kirchhoff plate, DG},
  mrclass       = {65N30},
  mrnumber      = {MR2142191 (2005m:65258)},
}

@InProceedings{Scott1974,
  author    = {Scott, Ridgway},
  booktitle = {Mathematical aspects of finite elements in partial differential equations ({P}roc. {S}ympos., {M}ath. {R}es. {C}enter, {U}niv. {W}isconsin, {M}adison, {W}is., 1974)},
  title     = {{$C^{1}$} continuity via constraints for 4th order problems},
  year      = {1974},
  pages     = {171--193. Publication No. 33},
  file      = {:FEM/Scott1974.pdf:PDF},
  groups    = {Kirchhoff plate, FEM},
  mrclass   = {65N30},
  mrnumber  = {0658318},
}

@Article{FuGuzmanNeilan2020,
  author     = {Fu, Guosheng and Guzm\'{a}n, Johnny and Neilan, Michael},
  journal    = {Math. Comp.},
  title      = {Exact smooth piecewise polynomial sequences on {A}lfeld splits},
  year       = {2020},
  issn       = {0025-5718},
  number     = {323},
  pages      = {1059--1091},
  volume     = {89},
  doi        = {10.1090/mcom/3520},
  file       = {:FEEC/FuGuzmanNeilan2020.pdf:PDF},
  fjournal   = {Mathematics of Computation},
  groups     = {FEEC, FEM},
  mrclass    = {65N30},
  mrnumber   = {4063312},
  mrreviewer = {Fei Wang},
  url        = {https://doi.org/10.1090/mcom/3520},
}

@Article{GuzmanLischkeNeilan2020,
  author   = {Guzm\'{a}n, J. and Lischke, A. and Neilan, M.},
  journal  = {Calcolo},
  title    = {Exact sequences on {P}owell-{S}abin splits},
  year     = {2020},
  issn     = {0008-0624},
  number   = {2},
  pages    = {Paper No. 13, 25},
  volume   = {57},
  doi      = {10.1007/s10092-020-00361-x},
  file     = {:Stokes equation/GuzmanLischkeNeilan2020.pdf:PDF},
  fjournal = {Calcolo. A Quarterly on Numerical Analysis and Theory of Computation},
  groups   = {FEEC, Kirchhoff plate, Stokes Equation},
  mrclass  = {65N30},
  mrnumber = {4076672},
  url      = {https://ezlibrary.sufe.edu.cn:2243/10.1007/s10092-020-00361-x},
}

@InProceedings{CloughTocher1965,
  author    = {R. W. Clough and J. L. Tocher},
  booktitle = {Proceedings of the Conference on Matrix Methods in Structural Mechanics},
  title     = {Finite Element Stiffness Matrices for Analysis of Plates in Bending},
  year      = {1965},
  address   = {Wright-Patterson Air Force Base, Ohio},
  pages     = {515--545},
}

@Article{DouglasDupontPercellScott1979,
  author     = {Douglas, Jr., Jim and Dupont, Todd and Percell, Peter and Scott, Ridgway},
  title      = {A family of {$C^{1}$} finite elements with optimal approximation properties for various {G}alerkin methods for 2nd and 4th order problems},
  journal    = {RAIRO Anal. Num\'er.},
  year       = {1979},
  volume     = {13},
  number     = {3},
  pages      = {227--255},
  file       = {:Kirchhoff plate\\DouglasDupontPercellScott1979.pdf:PDF},
  fjournal   = {RAIRO Analyse Num\'erique},
  groups     = {plate, Kirchhoff plate, FEM},
  issn       = {0399-0516},
  mrclass    = {65N30},
  mrreviewer = {Reinhard Scholz},
  owner      = {Administrator},
  timestamp  = {2013.01.16},
}

@Article{BernadouHassan1980,
  author  = {Bernadou, Michel and Hassan, Kamal},
  journal = {Rapports de recherché I. N. R. I. A.},
  title   = {Basis functions for general {H}sieh-{C}lough-{T}ocher triangles, complete or reduced},
  year    = {1980},
  number  = {5},
  file    = {:/Users/huangxuehai/Library/CloudStorage/GoogleDrive-xuehaihuang@gmail.com/我的云端硬盘/paperLibrary/Kirchhoff plate/BernadouHassan1980.pdf:PDF},
  groups  = {Kirchhoff plate, FEM},
}

@Article{BernadouHassan1981,
  author   = {Bernadou, Michel and Hassan, Kamal},
  journal  = {Internat. J. Numer. Methods Engrg.},
  title    = {Basis functions for general {H}sieh-{C}lough-{T}ocher triangles, complete or reduced},
  year     = {1981},
  issn     = {0029-5981},
  number   = {5},
  pages    = {784--789},
  volume   = {17},
  doi      = {10.1002/nme.1620170510},
  file     = {:/Users/huangxuehai/Library/CloudStorage/GoogleDrive-xuehaihuang@gmail.com/我的云端硬盘/paperLibrary/FEM/BernadouHassan1981.pdf:PDF},
  fjournal = {International Journal for Numerical Methods in Engineering},
  groups   = {Higher-Order PDE, Kirchhoff plate, FEM},
  mrclass  = {65N30},
  mrnumber = {619498},
  url      = {https://doi.org/10.1002/nme.1620170510},
}

@Article{LiMingWang2021,
  author   = {Li, Hongliang and Ming, Pingbing and Wang, Huiyu},
  journal  = {J. Sci. Comput.},
  title    = {H{$^2$}-{K}orn's inequality and the nonconforming elements for the strain gradient elastic model},
  year     = {2021},
  issn     = {0885-7474},
  number   = {3},
  pages    = {Paper No. 78, 23},
  volume   = {88},
  doi      = {10.1007/s10915-021-01597-7},
  file     = {:/Users/huangxuehai/Library/CloudStorage/GoogleDrive-xuehaihuang@gmail.com/我的云端硬盘/paperLibrary/Strain gradient elastic/LiMingWang2021.pdf:PDF},
  fjournal = {Journal of Scientific Computing},
  groups   = {Higher-Order PDE, Kirchhoff plate, Korn inequality, Strain gradient elastic},
  mrclass  = {65J05 (65N30 74B05)},
  mrnumber = {4296093},
  url      = {https://doi.org/10.1007/s10915-021-01597-7},
}

@Article{ArnoldBrezzi1985,
  author        = {Arnold, D. N. and Brezzi, F.},
  journal       = {RAIRO Mod\'el. Math. Anal. Num\'er.},
  title         = {Mixed and nonconforming finite element methods: implementation, postprocessing and error estimates},
  year          = {1985},
  issn          = {0764-583X},
  number        = {1},
  pages         = {7--32},
  volume        = {19},
  date-added    = {2009-02-15 15:02:02 -0500},
  date-modified = {2009-08-16 15:58:58 -0700},
  file          = {:/Users/huangxuehai/Library/CloudStorage/GoogleDrive-xuehaihuang@gmail.com/我的云端硬盘/paperLibrary/mixedFEM/Arnold.D\;Brezzi.F1985.pdf:PDF},
  fjournal      = {RAIRO Mod\'elisation Math\'ematique et Analyse Num\'erique},
  groups        = {plate, Kirchhoff plate, FEM, Hybridization, MixedFEM},
  mrclass       = {65N30},
  mrnumber      = {MR813687 (87g:65126)},
}

@Article{HuangHuang2016,
  author    = {Huang, Xuehai and Huang, Jianguo},
  journal   = {J. Sci. Comput.},
  title     = {A Superconvergent {$C^0$} Discontinuous {G}alerkin Method for {K}irchhoff Plates: Error Estimates, Hybridization and Postprocessing},
  year      = {2016},
  issn      = {0885-7474},
  number    = {3},
  pages     = {1251--1278},
  volume    = {69},
  coden     = {JSCOEB},
  doi       = {10.1007/s10915-016-0232-7},
  file      = {:/Users/huangxuehai/Library/CloudStorage/GoogleDrive-xuehaihuang@gmail.com/我的云端硬盘/paperLibrary/myPapers/HuangHuang2016.pdf:PDF},
  fjournal  = {Journal of Scientific Computing},
  groups    = {LY14A010020, LY15A010015, LY15A010016, 11301396, 11171257},
  mrclass   = {Preliminary Data},
  mrnumber  = {3568155},
  timestamp = {2016-11-29},
  url       = {http://dx.doi.org/10.1007/s10915-016-0232-7},
}

@Article{HuangHuang2019,
  author   = {Huang, Jianguo and Huang, Xuehai},
  journal  = {J. Sci. Comput.},
  title    = {A Hybridizable Discontinuous {G}alerkin Method for {K}irchhoff Plates},
  year     = {2019},
  issn     = {0885-7474},
  number   = {1},
  pages    = {290--320},
  volume   = {78},
  doi      = {10.1007/s10915-018-0780-0},
  file     = {:/Users/huangxuehai/Library/CloudStorage/GoogleDrive-xuehaihuang@gmail.com/我的云端硬盘/paperLibrary/myPapers/HuangHuang2019.pdf:PDF},
  fjournal = {Journal of Scientific Computing},
  groups   = {11771338, LY17A010010, G20160019},
  mrclass  = {65N30 (65N15 74K20)},
  mrnumber = {3902886},
  url      = {https://doi.org/10.1007/s10915-018-0780-0},
}

@Article{ChristiansenHuSande2020,
  author   = {Christiansen, Snorre H. and Hu, Kaibo and Sande, Espen},
  journal  = {J. Math. Pures Appl.},
  title    = {Poincar\'{e} path integrals for elasticity},
  year     = {2020},
  issn     = {0021-7824},
  pages    = {83--102},
  volume   = {135},
  doi      = {10.1016/j.matpur.2019.06.002},
  file     = {:/Users/huangxuehai/Library/CloudStorage/GoogleDrive-xuehaihuang@gmail.com/我的云端硬盘/paperLibrary/elasticity/ChristiansenHuSande2020.pdf:PDF},
  fjournal = {Journal de Math\'{e}matiques Pures et Appliqu\'{e}es. Neuvi\`eme S\'{e}rie},
  groups   = {FEEC, Elasticity},
  mrclass  = {74B05 (35Q74 53Z05 58A10 74C05)},
  mrnumber = {4066098},
  url      = {https://doi.org/10.1016/j.matpur.2019.06.002},
}

@Article{ScottZhang1990,
  author        = {Scott, L. Ridgway and Zhang, Shangyou},
  journal       = {Math. Comp.},
  title         = {Finite element interpolation of nonsmooth functions satisfying boundary conditions},
  year          = {1990},
  issn          = {0025-5718},
  number        = {190},
  pages         = {483--493},
  volume        = {54},
  coden         = {MCMPAF},
  date-added    = {2009-02-21 15:31:56 -0500},
  date-modified = {2009-08-16 16:03:42 -0700},
  file          = {ScottZhang1990.pdf:/Users/huangxuehai/Library/CloudStorage/GoogleDrive-xuehaihuang@gmail.com/我的云端硬盘/paperLibrary/FEM/ScottZhang1990.pdf:PDF},
  fjournal      = {Mathematics of Computation},
  groups        = {FEM},
  mrclass       = {65D05 (65N30)},
  mrnumber      = {MR1011446 (90j:65021)},
  mrreviewer    = {Qian Li},
}

@Article{JohnLinkeMerdonNeilanEtAl2017,
  author     = {John, Volker and Linke, Alexander and Merdon, Christian and Neilan, Michael and Rebholz, Leo G.},
  journal    = {SIAM Rev.},
  title      = {On the divergence constraint in mixed finite element methods for incompressible flows},
  year       = {2017},
  issn       = {0036-1445},
  number     = {3},
  pages      = {492--544},
  volume     = {59},
  doi        = {10.1137/15M1047696},
  file       = {:/Users/huangxuehai/Library/CloudStorage/GoogleDrive-xuehaihuang@gmail.com/我的云端硬盘/paperLibrary/Stokes equation/JohnLinkeMerdonNeilanEtAl2017.pdf:PDF},
  fjournal   = {SIAM Review},
  groups     = {Stokes Equation, FEM, MixedFEM, FEEC},
  mrclass    = {65N30 (76M10)},
  mrnumber   = {3683678},
  mrreviewer = {Stephan Schmidt},
  url        = {https://doi.org/10.1137/15M1047696},
}

@Article{Fortin1981,
  author   = {Fortin, Michel},
  journal  = {Internat. J. Numer. Methods Fluids},
  title    = {Old and new finite elements for incompressible flows},
  year     = {1981},
  issn     = {0271-2091},
  number   = {4},
  pages    = {347--364},
  volume   = {1},
  coden    = {IJNFDW},
  doi      = {10.1002/fld.1650010406},
  file     = {Fortin1981.pdf:/Users/huangxuehai/Library/CloudStorage/GoogleDrive-xuehaihuang@gmail.com/我的云端硬盘/paperLibrary/mixedFEM/Fortin1981.pdf:PDF},
  fjournal = {International Journal for Numerical Methods in Fluids},
  groups   = {Stokes Equation, MixedFEM},
  mrclass  = {76D99 (65N30 76-08)},
  url      = {http://dx.doi.org/10.1002/fld.1650010406},
}

@Article{BernardiRaugel1981,
  author   = {Bernardi, C. and Raugel, G.},
  journal  = {Calcolo},
  title    = {M\'{e}thodes d'\'{e}l\'{e}ments finis mixtes pour les \'{e}quations de {S}tokes et de {N}avier-{S}tokes dans un polygone non convexe},
  year     = {1981},
  issn     = {0008-0624},
  number   = {3},
  pages    = {255--291},
  volume   = {18},
  doi      = {10.1007/BF02576359},
  fjournal = {Calcolo. A Quarterly on Numerical Analysis and Theory of Computation},
  groups   = {Stokes Equation, MixedFEM},
  mrclass  = {65N30 (35Q10 76D05)},
  mrnumber = {647827},
  url      = {https://doi.org/10.1007/BF02576359},
}

@Article{ScottVogelius1985,
  author    = {Scott, L. R. and Vogelius, M.},
  journal   = {RAIRO Mod\'el. Math. Anal. Num\'er.},
  title     = {Norm estimates for a maximal right inverse of the divergence operator in spaces of piecewise polynomials},
  year      = {1985},
  issn      = {0764-583X},
  number    = {1},
  pages     = {111--143},
  volume    = {19},
  file      = {ScottVogelius1985.pdf:/Users/huangxuehai/Library/CloudStorage/GoogleDrive-xuehaihuang@gmail.com/我的云端硬盘/paperLibrary/FEM/ScottVogelius1985.pdf:PDF},
  fjournal  = {RAIRO Mod\'elisation Math\'ematique et Analyse Num\'erique},
  groups    = {H(div), Stokes Equation, FEM, MixedFEM},
  mrclass   = {65N30},
  owner     = {Xuehai Huang},
  timestamp = {2014.07.27},
}

@Article{GuzmanNeilan2018,
  author   = {Guzm\'{a}n, Johnny and Neilan, Michael},
  journal  = {SIAM J. Numer. Anal.},
  title    = {inf-sup stable finite elements on barycentric refinements producing divergence-free approximations in arbitrary dimensions},
  year     = {2018},
  issn     = {0036-1429},
  number   = {5},
  pages    = {2826--2844},
  volume   = {56},
  doi      = {10.1137/17M1153467},
  file     = {:/Users/huangxuehai/Library/CloudStorage/GoogleDrive-xuehaihuang@gmail.com/我的云端硬盘/paperLibrary/Stokes equation/GuzmanNeilan2018.pdf:PDF},
  fjournal = {SIAM Journal on Numerical Analysis},
  groups   = {Stokes Equation, FEM, MixedFEM},
  mrclass  = {65N30 (65N12)},
  mrnumber = {3853609},
  url      = {https://doi.org/10.1137/17M1153467},
}

@Article{Zhang2005,
  author     = {Zhang, Shangyou},
  journal    = {Math. Comp.},
  title      = {A new family of stable mixed finite elements for the 3{D} {S}tokes equations},
  year       = {2005},
  issn       = {0025-5718},
  number     = {250},
  pages      = {543--554},
  volume     = {74},
  coden      = {MCMPAF},
  doi        = {10.1090/S0025-5718-04-01711-9},
  file       = {Zhang2005.pdf:/Users/huangxuehai/Library/CloudStorage/GoogleDrive-xuehaihuang@gmail.com/我的云端硬盘/paperLibrary/Stokes equation/Zhang2005.pdf:PDF},
  fjournal   = {Mathematics of Computation},
  groups     = {Stokes Equation},
  mrclass    = {65N30 (65F10 65N12 76D07 76M10)},
  mrreviewer = {J. W. Jerome},
  url        = {http://dx.doi.org/10.1090/S0025-5718-04-01711-9},
}

@InProceedings{ArnoldQin1992,
  author    = {Arnold, Douglas N and Qin, Jinshui},
  booktitle = {Advances in Computer Methods for Partial Differential Equations VII},
  title     = {Quadratic Velocity/Linear Pressure Stokes Elements},
  year      = {1992},
  editor    = {R. Vichnevetsky and R.S.Steplemen},
  file      = {ArnoldQin1992.pdf:/Users/huangxuehai/Library/CloudStorage/GoogleDrive-xuehaihuang@gmail.com/我的云端硬盘/paperLibrary/Stokes equation/ArnoldQin1992.pdf:PDF},
  groups    = {Stokes Equation},
}

@Article{ArnoldBrezziFortin1984,
  author        = {Arnold, D. N. and Brezzi, F. and Fortin, M.},
  journal       = {Calcolo},
  title         = {A stable finite element for the {S}tokes equations},
  year          = {1984},
  issn          = {0008-0624},
  number        = {4},
  pages         = {337--344 (1985)},
  volume        = {21},
  annote        = {MINI element},
  bdsk-file-1   = {YnBsaXN0MDDUAQIDBAUGCQpYJHZlcnNpb25UJHRvcFkkYXJjaGl2ZXJYJG9iamVjdHMSAAGGoNEHCFRyb290gAFfEA9OU0tleWVkQXJjaGl2ZXKoCwwXGBkdJCVVJG51bGzTDQ4PEBEUViRjbGFzc1dOUy5rZXlzWk5TLm9iamVjdHOAB6ISE4ACgAOiFRaABIAGWWFsaWFzRGF0YVxyZWxhdGl2ZVBhdGjSDRobHFdOUy5kYXRhgAVPEQIAAAAAAAIAAAIAAAxNYWNpbnRvc2ggSEQAAAAAAAAAAAAAAAAAAADEq//sSCsAAABDQ+QfQXJub2xkLkQ7QnJlenppLkY7Rm8jNDNBOTgyLnBkZgAAAAAAAAAAAAAAAAAAAAAAAAAAAAAAAAAAAAAAAAAAAEOpgsW8hSAAAAAAAAAAAAABAAMAAAkgAAAAAAAAAAAAAAAAAAAACG1peGVkRkVNABAACAAAxKxiXAAAABEACAAAxbz1oAAAAAEAFABDQ+QAERQFAAn58wAJ+d4AAHtbAAIAXE1hY2ludG9zaCBIRDpVc2VyczpodWFuZ3h1ZWhhaTpEZXNrdG9wOnBhcGVyTGlicmFyeTptaXhlZEZFTTpBcm5vbGQuRDtCcmV6emkuRjtGbyM0M0E5ODIucGRmAA4ARgAiAEEAcgBuAG8AbABkAC4ARAA7AEIAcgBlAHoAegBpAC4ARgA7AEYAbwByAHQAaQBuAC4ATQAxADkAOAA0AC4AcABkAGYADwAaAAwATQBhAGMAaQBuAHQAbwBzAGgAIABIAEQAEgBSVXNlcnMvaHVhbmd4dWVoYWkvRGVza3RvcC9wYXBlckxpYnJhcnkvbWl4ZWRGRU0vQXJub2xkLkQ7QnJlenppLkY7Rm9ydGluLk0xOTg0LnBkZgATAAEvAAAVAAIAEv//AADSHh8gIVgkY2xhc3Nlc1okY2xhc3NuYW1loyEiI11OU011dGFibGVEYXRhVk5TRGF0YVhOU09iamVjdF8QK21peGVkRkVNL0Fybm9sZC5EO0JyZXp6aS5GO0ZvcnRpbi5NMTk4NC5wZGbSHh8mJ6InI1xOU0RpY3Rpb25hcnkACAARABoAHwApADIANwA6AD8AQQBTAFwAYgBpAHAAeACDAIUAiACKAIwAjwCRAJMAnQCqAK8AtwC5Ar0CwgLLAtYC2gLoAu8C+AMmAysDLgAAAAAAAAIBAAAAAAAAACgAAAAAAAAAAAAAAAAAAAM7},
  coden         = {CDABAE},
  date-added    = {2009-02-14 17:25:59 -0500},
  date-modified = {2009-08-16 15:57:51 -0700},
  file          = {ArnoldBrezziFortin1984.pdf:/Users/huangxuehai/Library/CloudStorage/GoogleDrive-xuehaihuang@gmail.com/我的云端硬盘/paperLibrary/mixedFEM/ArnoldBrezziFortin1984.pdf:PDF},
  fjournal      = {Calcolo. A Quarterly on Numerical Analysis and Theory of Computation},
  groups        = {Stokes Equation, FEM, MixedFEM},
  mrclass       = {65N30 (76-08 76D07)},
  mrnumber      = {MR799997 (86m:65136)},
  mrreviewer    = {Gheorghe Micula},
}

@Article{TaylorHood1973,
  author     = {Taylor, C. and Hood, P.},
  journal    = {Internat. J. Comput. \& Fluids},
  title      = {A numerical solution of the {N}avier-{S}tokes equations using the finite element technique},
  year       = {1973},
  issn       = {0045-7930},
  number     = {1},
  pages      = {73--100},
  volume     = {1},
  file       = {:/Users/huangxuehai/Library/CloudStorage/GoogleDrive-xuehaihuang@gmail.com/我的云端硬盘/paperLibrary/Stokes equation/TaylorHood1973.pdf:PDF},
  fjournal   = {Computers \& Fluids. An International Journal},
  groups     = {Stokes Equation, FEM},
  mrclass    = {76.65},
  mrnumber   = {0339677 (49 \#4435)},
  mrreviewer = {Nima Geffen},
  owner      = {Administrator},
  timestamp  = {2010.11.05},
}

@Article{Boffi1994,
  author     = {Boffi, D.},
  title      = {Stability of higher order triangular {H}ood-{T}aylor methods for the stationary {S}tokes equations},
  journal    = {Math. Models Methods Appl. Sci.},
  year       = {1994},
  volume     = {4},
  number     = {2},
  pages      = {223--235},
  doi        = {10.1142/S0218202594000133},
  fjournal   = {Mathematical Models \& Methods in Applied Sciences},
  groups     = {Stokes Equation, FEM},
  issn       = {0218-2025},
  mrclass    = {65N30 (76D07 76M25)},
  mrnumber   = {1269482 (95h:65079)},
  mrreviewer = {Lutz Tobiska},
  owner      = {Administrator},
  timestamp  = {2010.11.05},
  url        = {http://dx.doi.org/10.1142/S0218202594000133},
}

@Article{Boffi1997,
  author     = {Boffi, Daniele},
  title      = {Three-dimensional finite element methods for the {S}tokes problem},
  journal    = {SIAM J. Numer. Anal.},
  year       = {1997},
  volume     = {34},
  number     = {2},
  pages      = {664--670},
  coden      = {SJNAAM},
  doi        = {10.1137/S0036142994270193},
  file       = {Boffi1997.pdf:Stokes equation\\Boffi1997.pdf:PDF},
  fjournal   = {SIAM Journal on Numerical Analysis},
  groups     = {Stokes Equation, FEM},
  issn       = {0036-1429},
  mrclass    = {65N30 (76D07 76M10)},
  mrnumber   = {1442933 (98a:65160)},
  mrreviewer = {Jaroslaw Jelen},
  owner      = {Administrator},
  timestamp  = {2010.11.05},
  url        = {http://dx.doi.org/10.1137/S0036142994270193},
}

@Article{DieningStornTscherpel2022,
  author   = {Diening, L. and Storn, J. and Tscherpel, T.},
  journal  = {Numer. Math.},
  title    = {Fortin operator for the {T}aylor-{H}ood element},
  year     = {2022},
  issn     = {0029-599X,0945-3245},
  number   = {2},
  pages    = {671--689},
  volume   = {150},
  doi      = {10.1007/s00211-021-01260-1},
  file     = {:/Users/huangxuehai/Library/CloudStorage/GoogleDrive-xuehaihuang@gmail.com/我的云端硬盘/paperLibrary/Stokes equation/DieningStornTscherpel2022.pdf:PDF},
  fjournal = {Numerische Mathematik},
  groups   = {Stokes Equation, MixedFEM},
  mrclass  = {65N30 (65N12 76D07)},
  mrnumber = {4382591},
  url      = {https://doi.org/10.1007/s00211-021-01260-1},
}

@Article{GiraultScott2003,
  author   = {Girault, V. and Scott, L. R.},
  journal  = {Calcolo},
  title    = {A quasi-local interpolation operator preserving the discrete divergence},
  year     = {2003},
  issn     = {0008-0624,1126-5434},
  number   = {1},
  pages    = {1--19},
  volume   = {40},
  doi      = {10.1007/s100920300000},
  file     = {:/Users/huangxuehai/Library/CloudStorage/GoogleDrive-xuehaihuang@gmail.com/我的云端硬盘/paperLibrary/Stokes equation/GiraultScott2003.pdf:PDF},
  fjournal = {Calcolo. A Quarterly on Numerical Analysis and Theory of Computation},
  groups   = {Stokes Equation, MixedFEM},
  mrclass  = {65N30 (65D05 65D25)},
  mrnumber = {1961943},
  url      = {https://doi.org/10.1007/s100920300000},
}

@Article{Chen2014,
  author     = {Chen, Long},
  journal    = {Comput. Math. Appl.},
  title      = {A simple construction of a {F}ortin operator for the two dimensional {T}aylor-{H}ood element},
  year       = {2014},
  issn       = {0898-1221},
  number     = {10},
  pages      = {1368--1373},
  volume     = {68},
  doi        = {10.1016/j.camwa.2014.09.003},
  file       = {Chen2014.pdf:/Users/huangxuehai/Library/CloudStorage/GoogleDrive-xuehaihuang@gmail.com/我的云端硬盘/paperLibrary/Stokes equation/Chen2014.pdf:PDF},
  fjournal   = {Computers \& Mathematics with Applications. An International Journal},
  groups     = {Stokes Equation, MixedFEM},
  mrclass    = {65N30 (65N12 76D07)},
  mrreviewer = {Alexandre Ern},
  owner      = {Xuehai Huang},
  timestamp  = {2015.09.04},
  url        = {http://dx.doi.org/10.1016/j.camwa.2014.09.003},
}

@Article{ChenHuang2024,
  author   = {Chen, Long and Huang, Xuehai},
  journal  = {Math. Comp.},
  title    = {Finite element de {R}ham and {S}tokes complexes in three dimensions},
  year     = {2024},
  issn     = {0025-5718,1088-6842},
  number   = {345},
  pages    = {55--110},
  volume   = {93},
  doi      = {10.1090/mcom/3859},
  file     = {:/Users/huangxuehai/Library/CloudStorage/GoogleDrive-xuehaihuang@gmail.com/我的云端硬盘/paperLibrary/myPapers/ChenHuang2024.pdf:PDF},
  fjournal = {Mathematics of Computation},
  groups   = {12171300, 21ZR1480500},
  mrclass  = {65N30 (58A12 58J10 65N12)},
  mrnumber = {4654617},
  url      = {https://doi.org/10.1090/mcom/3859},
}

@Article{Brenner2003,
  author   = {Brenner, Susanne C.},
  journal  = {SIAM J. Numer. Anal.},
  title    = {Poincar\'e-{F}riedrichs inequalities for piecewise {$H^1$} functions},
  year     = {2003},
  issn     = {0036-1429},
  number   = {1},
  pages    = {306--324},
  volume   = {41},
  doi      = {10.1137/S0036142902401311},
  file     = {:/Users/huangxuehai/Library/CloudStorage/GoogleDrive-xuehaihuang@gmail.com/我的云端硬盘/paperLibrary/poincare/Brenner.S2003.pdf:PDF},
  fjournal = {SIAM Journal on Numerical Analysis},
  groups   = {FEM, Poincare inequality},
  mrclass  = {65N30 (46E35)},
  url      = {http://dx.doi.org/10.1137/S0036142902401311},
}

@Article{BrenneckeLinkeMerdonSchoeberl2015,
  author     = {Brennecke, C. and Linke, A. and Merdon, C. and Sch\"{o}berl, J.},
  journal    = {J. Comput. Math.},
  title      = {Optimal and pressure-independent {$L^2$} velocity error estimates for a modified {C}rouzeix-{R}aviart {S}tokes element with {BDM} reconstructions},
  year       = {2015},
  issn       = {0254-9409},
  number     = {2},
  pages      = {191--208},
  volume     = {33},
  doi        = {10.4208/jcm.1411-m4499},
  file       = {:/Users/huangxuehai/Google 云端硬盘/paperLibrary/Stokes equation/BrenneckeLinkeMerdonSchoeberl2015.pdf:PDF},
  fjournal   = {Journal of Computational Mathematics},
  groups     = {Stokes Equation, MixedFEM},
  mrclass    = {65N30 (65N15 76D05 76D07)},
  mrnumber   = {3326010},
  mrreviewer = {Iuliana Stanculescu},
  url        = {https://doi.org/10.4208/jcm.1411-m4499},
}

@Article{Linke2014,
  author     = {Linke, Alexander},
  journal    = {Comput. Methods Appl. Mech. Engrg.},
  title      = {On the role of the {H}elmholtz decomposition in mixed methods for incompressible flows and a new variational crime},
  year       = {2014},
  issn       = {0045-7825},
  pages      = {782--800},
  volume     = {268},
  doi        = {10.1016/j.cma.2013.10.011},
  file       = {Linke2014.pdf:/Users/huangxuehai/Library/CloudStorage/GoogleDrive-xuehaihuang@gmail.com/我的云端硬盘/paperLibrary/Stokes equation/Linke2014.pdf:PDF},
  fjournal   = {Computer Methods in Applied Mechanics and Engineering},
  groups     = {Stokes Equation, MixedFEM},
  mrclass    = {65N30 (76D05 76M10)},
  mrreviewer = {Necdet Bildik},
  url        = {http://dx.doi.org/10.1016/j.cma.2013.10.011},
}

@Article{XieXuXue2008,
  author        = {Xie, Xiaoping and Xu, Jinchao and Xue, Guangri},
  journal       = {J. Comput. Math.},
  title         = {Uniformly-stable finite element methods for {D}arcy-{S}tokes-{B}rinkman models},
  year          = {2008},
  issn          = {0254-9409},
  number        = {3},
  pages         = {437--455},
  volume        = {26},
  bdsk-file-1   = {YnBsaXN0MDDUAQIDBAUGCQpYJHZlcnNpb25UJHRvcFkkYXJjaGl2ZXJYJG9iamVjdHMSAAGGoNEHCFRyb290gAFfEA9OU0tleWVkQXJjaGl2ZXKoCwwXGBkdJCVVJG51bGzTDQ4PEBEUViRjbGFzc1dOUy5rZXlzWk5TLm9iamVjdHOAB6ISE4ACgAOiFRaABIAGWWFsaWFzRGF0YVxyZWxhdGl2ZVBhdGjSDRobHFdOUy5kYXRhgAVPEQHmAAAAAAHmAAIAAAxNYWNpbnRvc2ggSEQAAAAAAAAAAAAAAAAAAADEq//sSCsAAAAwtTwYWGllLlg7WHUuSjtYdWUuRzIwMDgucGRmAAAAAAAAAAAAAAAAAAAAAAAAAAAAAAAAAAAAAAAAAAAAAAAAAAAAADJBqsVuVPIAAAAAAAAAAAABAAMAAAkgAAAAAAAAAAAAAAAAAAAAC3Npbmd1bGFyaXR5AAAQAAgAAMSsYlwAAAARAAgAAMVuxXIAAAABABQAMLU8ABEUBQAJ+fMACfneAAB7WwACAFhNYWNpbnRvc2ggSEQ6VXNlcnM6aHVhbmd4dWVoYWk6RGVza3RvcDpwYXBlckxpYnJhcnk6c2luZ3VsYXJpdHk6WGllLlg7WHUuSjtYdWUuRzIwMDgucGRmAA4AMgAYAFgAaQBlAC4AWAA7AFgAdQAuAEoAOwBYAHUAZQAuAEcAMgAwADAAOAAuAHAAZABmAA8AGgAMAE0AYQBjAGkAbgB0AG8AcwBoACAASABEABIAS1VzZXJzL2h1YW5neHVlaGFpL0Rlc2t0b3AvcGFwZXJMaWJyYXJ5L3Npbmd1bGFyaXR5L1hpZS5YO1h1Lko7WHVlLkcyMDA4LnBkZgAAEwABLwAAFQACABL//wAA0h4fICFYJGNsYXNzZXNaJGNsYXNzbmFtZaMhIiNdTlNNdXRhYmxlRGF0YVZOU0RhdGFYTlNPYmplY3RfECRzaW5ndWxhcml0eS9YaWUuWDtYdS5KO1h1ZS5HMjAwOC5wZGbSHh8mJ6InI1xOU0RpY3Rpb25hcnkACAARABoAHwApADIANwA6AD8AQQBTAFwAYgBpAHAAeACDAIUAiACKAIwAjwCRAJMAnQCqAK8AtwC5AqMCqAKxArwCwALOAtUC3gMFAwoDDQAAAAAAAAIBAAAAAAAAACgAAAAAAAAAAAAAAAAAAAMa},
  coden         = {JCMMEB},
  date-added    = {2009-01-18 18:39:38 -0500},
  date-modified = {2009-08-16 17:19:54 -0700},
  file          = {XieXuXue2008.pdf:/Users/huangxuehai/Library/CloudStorage/GoogleDrive-xuehaihuang@gmail.com/我的云端硬盘/paperLibrary/Stokes equation/XieXuXue2008.pdf:PDF},
  fjournal      = {Journal of Computational Mathematics},
  groups        = {Stokes Equation},
  mrclass       = {76M10 (65N30 76S05)},
  mrnumber      = {MR2421892},
}

@Article{ChenHuang2022,
  author   = {Chen, Long and Huang, Xuehai},
  journal  = {SIAM J. Numer. Anal.},
  title    = {Finite elements for div- and divdiv-conforming symmetric tensors in arbitrary dimension},
  year     = {2022},
  issn     = {0036-1429},
  number   = {4},
  pages    = {1932--1961},
  volume   = {60},
  doi      = {10.1137/21M1433708},
  file     = {:/Users/huangxuehai/Library/CloudStorage/GoogleDrive-xuehaihuang@gmail.com/我的云端硬盘/paperLibrary/myPapers/ChenHuang2022a.pdf:PDF},
  fjournal = {SIAM Journal on Numerical Analysis},
  groups   = {11771338, 12171300, 21ZR1480500, 2019110066},
  mrclass  = {65N30 (74S05)},
  mrnumber = {4458899},
  url      = {https://doi.org/10.1137/21M1433708},
}

@Article{BrezziDouglasMarini1985,
  author     = {Brezzi, Franco and Douglas, Jr., Jim and Marini, L. D.},
  journal    = {Numer. Math.},
  title      = {Two families of mixed finite elements for second order elliptic problems},
  year       = {1985},
  issn       = {0029-599X},
  number     = {2},
  pages      = {217--235},
  volume     = {47},
  coden      = {NUMMA7},
  doi        = {10.1007/BF01389710},
  file       = {BrezziDouglasMarini1985.pdf:/Users/huangxuehai/Library/CloudStorage/GoogleDrive-xuehaihuang@gmail.com/我的云端硬盘/paperLibrary/mixedFEM/BrezziDouglasMarini1985.pdf:PDF},
  fjournal   = {Numerische Mathematik},
  groups     = {FEM, MixedFEM},
  mrclass    = {65N30},
  mrreviewer = {Bruce A. Finlayson},
  owner      = {Administrator},
  timestamp  = {2012.02.06},
  url        = {http://dx.doi.org/10.1007/BF01389710},
}

@Comment{jabref-meta: databaseType:bibtex;}
